
% Encoding: windows-1252

@unpublished{aa22nber,
  author    = {Abdulkadiro{\u{g}}lu, Atila and Andersson, Tommy},
  title     = {School Choice},
  year      = {2022},
  Note      = {NBER Working Paper 29822},
}

@Article{acprt20aeri,
  Title                    = {Efficiency, Justified Envy, and Incentives in Priority-Based Matching},
  Author                   = {Abdulkadiro{\u{g}}lu, Atila and Che, Yeon-Koo and Pathak, Parag A. and Roth, Alvin E. and Tercieux, Olivier},
  FullJournal                  = {American Economic Review: Insights},
  Journal                  = {Am. Econ. Rev.: Insights},
  Year                     = {2020},
  Pages                    = {425--442},
  Volume                   = {2},
}

@Article{apr09aer,
  Title                    = {Strategy-proofness versus Efficiency with Indifferences: Redesigning the {NYC} High School Match},
  Author                   = {Abdulkadiro{\u{g}}lu, Atila and Pathak, Parag A. and Roth, Alvin E.},
  Journal                  = {Am. Econ. Rev.},
  FullJournal              = {American Economic Review},
  Year                     = {2009},
  Pages                    = {1954--1978},
  Volume                   = {99},
}

@Article{as98,
  Title                    = {Random serial dictatorship and the core from random endowments in house allocation problems},
  Author                   = {Abdulkadiro{\u{g}}lu, Atila and S{\"o}nmez, Tayfun},
  Journal                  = {Econometrica},
  Year                     = {1998},
  Number                   = {3},
  Pages                    = {689--701},
  Volume                   = {66},
}

@Article{as99jet,
  author    = {Abdulkadiro{\u{g}}lu, Atila and S{\"o}nmez, Tayfun},
  journal   = {J. Econ. Theory},
  fulljournal   = {Journal of Economic Theory},
  title     = {House allocation with existing tenants},
  year      = {1999},
  number    = {2},
  pages     = {233--260},
  volume    = {88},
  publisher = {Elsevier},
}
	
@book{AhMaOr93,
	Author = {Ahuja, Ravindra K. and Magnanti, Thomas L. and Orlin, James B.},
	Publisher = {Prentice Hall},
	Title = {Network Flows: Theory, Algorithms, and Applications},
	Year = {1993}}

@Article{as03aer,
  author    = {Abdulkadiro{\u{g}}lu, Atila and S{\"o}nmez, Tayfun},
  journal   = {Am. Econ. Rev.},
  fulljournal   = {American Economic Review},
  title     = {School choice: a mechanism design approach},
  year      = {2003},
  pages     = {729--747},
  volume    = {93},
}

@Article{arnosti22ms,
  author    = {Arnosti, Nick},
  journal   = {Manage. Sci.},
  fulljournal   = {Management Science},
  title     = {Lottery design for school choice},
  year      = {2022},
  note      = {https://doi.org/10.1287/mnsc.2022.4338},
}

@InProceedings{ass19or,
  author    = {Ashlagi, Itai and Saberi, Amin and Shameli, Ali},
  journal   = {Proceedings of the 30th Annual ACM-SIAM Symposium on Discrete Algorithms},
  title     = {Assignment Mechanisms Under Distributional Constraints},
  year      = {2019},
  pages     = {229--240},
}

@Article{ass20or,
  author    = {Ashlagi, Itai and Saberi, Amin and Shameli, Ali},
  fulljournal   = {Operations Research},
  journal   = {Oper. Res.},
  title     = {Assignment Mechanisms Under Distributional Constraints},
  year      = {2020},
  volume    = {68},
  pages     = {467--479},
}
}

@Article{ab19res,
  author    = {Azevedo, Eduardo M. and Budish, Eric},
  fulljournal   ={Review of Economic Studies},
  journal   = {Rev. Econ. Stud.},
  title     = {Strategy-proofness in the Large},
  year      = {2019},
  volume    = {86},
  pages     = {81--116},
}

@InProceedings{as14aaai,
  author    = {Aziz, Haris and Stursberg, Paul},
  booktitle = {Proceedings of the AAAI Conference on Artificial Intelligence},
  title     = {A generalization of probabilistic serial to randomized social choice},
  year      = {2014},
  number    = {1},
  volume    = {28},
}

@Article{ab21geb,
  author    = {Aziz, Haris and Brandl, Florian},
  fulljournal   = {Games and Economic Behavior},
  journal   = {Game. Econ. Behav.},
  title     = {The vigilant eating rule: A general approach to economic design with constraints},
  year      = {2022},
  volume    = {135},
  pages     = {168--187},
}

@Article{balbuzanov22jet,
  author    = {Balbuzanov, Ivan},
  journal   = {J. Econ. Theory},
  fulljournal   = {Journal of Economic Theory},
  title     = {Constrained Random Matching},
  year      = {2022},
  note     =  {Article 105472},
  volume    = {203},
}

@Article{bs99jet,
  author    = {Balinski, Michel and S{\"o}nmez, Tayfun},
  fulljournal   = {Journal of Economic Theory},
  journal   = {J. Econ. Theory},
  title     = {A Tale of Two Mechanisms: Student Placement},
  year      = {1999},
  pages     = {73--94},
  volume    = {84},
}

@Article{bm01,
  author    = {Bogomolnaia, Anna and Moulin, Herv{\'e}},
  journal   = {J. Econ. Theory},
  fulljournal   = {Journal of Economic Theory},
  title     = {A new solution to the random assignment problem},
  year      = {2001},
  number    = {2},
  pages     = {295--328},
  volume    = {100},
}

@Article{bm04,
  author    = {Bogomolnaia, Anna and Moulin, Herv{\'e}},
  journal   = {Econometrica},
  title     = {Random Matching Under Dichotomous Preferences},
  year      = {2004},
  number    = {1},
  pages     = {257--279},
  volume    = {72},
}

@Article{bh12,
  author    = {Bogomolnaia, Anna and Heo, Eun Jeong},
  fulljournal   = {Journal of Economic Theory},
  journal   = {J. Econ. Theory},
  title     = {Probabilistic assignment of objects: Characterizing the serial rule},
  year      = {2012},
  number    = {5},
  pages     = {2072--2082},
  volume    = {147},
  publisher = {Elsevier},
}

@article{bckm13aer,
        author="Budish, Eric and Che, Yeon-Koo and Kojima, Fuhito 
         and Milgrom, Paul",
        title="Designing Random Allocation Mechanisms: Theory and Practice",
        year=2013,
        Journal="Amer. Econ. Rev.",
        fulljournal="American Economic Review",
        volume=103,
	pages="585--623"
        } 

@Article{chk10aer,
  author    = {Calsamiglia, Caterina and Haeringer, Guillaume and Klijn, Flip},
  journal   = {Am. Econ. Rev.},
  fulljournal   = {American Economic Review},
  title     = {Constrained School Choice: An Experimental Study},
  year      = {2010},
  pages     = {1860--1874},
  volume    = {100},
}

@Article{cd16,
  author    = {Cho, Wonki Jo and Do{\u{g}}an, Battal},
  fulljournal   = {Economics Letters},
  journal   = {Econ. Lett.},
  title     = {Equivalence of efficiency notions for ordinal assignment problems},
  year      = {2016},
  pages     = {8--12},
  volume    = {146},
  publisher = {Elsevier},
}

@Article{cho16geb,
  author    = {Cho, Wonki Jo},
  fulljournal   = {Games and Economic Behavior},
  journal   = {Game. Econ. Behav.},
  title     = {Incentive properties for ordinal mechanisms},
  year      = {2016},
  pages     = {168--177},
  volume    = {95},
  publisher = {Elsevier},
}

@Article{cho18scw,
  author    = {Cho, Wonki Jo},
  fulljournal   = {Social Choice and Welfare},
  journal   = {Soc. Choice Welfare},
  title     = {Probabilistic assignment: an extension approach},
  year      = {2018},
  number    = {1},
  pages     = {137--162},
  volume    = {51},
  publisher = {Springer},
}

@Article{ee08aer,
  author    = {Erdil, Aytek and Ergin, Haluk},
  fulljournal   = {American Economic Review},
  journal   = {Am. Econ. Rev.},
  title     = {What's the Matter with Tie Breaking? Improving Efficiency in School Choice},
  year      = {2008},
  pages     = {669--689},
  volume    = {98},
}

@Article{featherstone20wp,
  author  = {Featherstone, Clayton R},
  journal = {The Wharton School, University of Pennsylvania},
  title   = {Rank efficiency: Modeling a common policymaker objective},
  year    = {2020},
}

@Article{FoFu56,
  author  = {Ford, L.R. and Fulkerson, D.R.},
  fulljournal = {Canadian Journal of Mathematics},
  journal = {Canadian J. Math.},
  title   = {Maximal flow through a network},
  volume  = {8},
  pages   = {399--404},
  year    = {1956},
}

@Article{GaSh62,
  author  = {Gale, David and Shapley, Lloyd},
  fulljournal = {American Mathematical Monthly},
  journal = {Am. Math. Mon.},
  title   = {College Admissions and the Stability of Marriage},
  volume  = {65},
  pages   = {9--15},
  year    = {1962},
}

@Article{GaGrTa89,
  author  = {Gallo, G. and Grigoriadis, M.D. and Tarjan, R.E.},
  journal = {SIAM J. Comput.},
  title   = {A fast parametric maximum flow algorithm and applications},
  volume  = {18},
  pages   = {30--55},
  year    = {1989},
}

@Article{GoTa88,
  author  = {Goldberg, A. V. and Tarjan, R. E.},
  journal = {J. ACM},
  title   = {A new approach to the maximum flow problem},
  volume  = {35},
  pages   = {921--940},
  year    = {1988},
}

@Article{GrMcQuTa12,
  author  = {Granot, Frieda and McCormick, S. Thomas and Queyranne, Maurice and Tardella, Fabio},
  journal = {Math. Prog.},
  title   = {Structural and algorithmic properties for parametric minimum cuts},
  volume  = {135},
  pages   = {337--367},
  year    = {2012},
}

@Article{GuTa94,
  author  = {Gusfeld, D. and Tardos, E.},
  journal = {Algorithmica},
  title   = {A faster parametric minimum-cut algorithm},
  volume  = {11},
  pages   = {278--290},
  year    = {1994},
}

@Article{hk09jet,
  author    = {Haeringer, Guillaume and Klijn, Flip},
  fulljournal   = {Journal of Economic Theory},
  journal   = {J. Econ. Theory},
  title     = {Constrained school choice},
  year      = {2009},
  pages     = {1921--1947},
  volume    = {144},
}

@article{Hal35,
        author="Hall, Phillip",
        title="On Representatives of Subsets",
        year=1935,
	journal="J.~London Math.~Soc.",
        volume=10,
	pages="26--30"}

@Article{harless19jme,
  author    = {Harless, Patrick},
  fulljournal   = {Journal of Mathematical Economics},
  journal   = {J. Math. Econ.},
  title     = {Efficient rules for probabilistic assignment},
  year      = {2019},
  pages     = {107--116},
  volume    = {84},
  publisher = {Elsevier},
}

@Article{hhkku14te,
  author    = {Hashimoto, Tadashi and Hirata, Daisuke and Kesten, Onur and Kurino, Morimitsu and {\"U}nver, M Utku},
  fulljournal   = {Theoretical Economics},
  journal   = {Theor. Econ.},
  title     = {Two axiomatic approaches to the probabilistic serial mechanism},
  year      = {2014},
  number    = {1},
  pages     = {253--277},
  volume    = {9},
  publisher = {Wiley Online Library},
}

@Article{Hoc08,
  author  = {Hochbaum, D. S.},
  journal = {Oper. Res.},
  title   = {The pseudoflow algorithm: a new algorithm for the maximum flow problem},
  volume    = {58},
  pages     = {992--1009},
  year    = {2008},
}

@Article{hk73siamjc,
  author  = {Hopcroft, John E. and Karp, Richard E.},
  journal = {SIAM Journal on Computing},
  title   = {A $n^{5/2}$ algorithm for maximum matchings in bipartite graphs},
  volume    = {2},
  pages     = {137--162},
  year    = {1973},
}

@Article{hz79jpe,
  author    = {Hylland, Aanund and Zeckhauser, Richard},
  fulljournal   = {Journal of Political Economy},
  journal   = {J. Polit. Econ.},
  title     = {The efficient allocation of individuals to positions},
  year      = {1979},
  number    = {2},
  pages     = {293--314},
  volume    = {87},
  publisher = {The University of Chicago Press},
}

@Article{karzanov73pis,
  author  = {Karzanov, A. V.},
  journal = {Issues in Cybernetics},
  title   = {An exact estimate of an algorithm for finding a maximum flow, applied to the problem of representatives},
  volume    = {5},
  pages     = {66--70},
  year    = {1973},
}

@Article{karzanov74smd,
  author  = {Karzanov, A. V.},
  journal = {Sov. Math. Dokl.},
  title   = {Determining the maximal flow in a network by the method of preflows},
  volume    = {15},
  pages     = {434--437},
  year    = {1974},
}

@Article{KaSe06,
  author    = {Katta, Akshay-Kumar and Sethuraman, Jay},
  fulljournal   = {Journal of Economic Theory},
  journal   = {J. Econ. Theory},
  title     = {A solution to the random assignment problem on the full preference domain},
  year      = {2006},
  pages     = {231--250},
  volume    = {131},
}

@Article{kesten06jet,
  author    = {Kesten, Onur},
  fulljournal   = {Journal of Economic Theory},
  journal   = {J. Econ. Theory},
  title     = {On two competing mechanisms for priority-based allocation problems},
  year      = {2006},
  pages     = {155--171},
  volume    = {127},
}

@Article{ku15te,
  author    = {Kesten, Onur and {\"U}nver, M.~Utku},
  fulljournal   = {Theoretical Economics},
  journal   = {Theor. Econ.},
  title     = {A theory of school-choice lotteries},
  year      = {2015},
  pages     = {543--595},
  volume    = {10},
}

@Article{kesten10qje,
  author    = {Kesten, Onur},
  fulljournal   = {Quarterly Journal of Economics},
  journal   = {Q. J. Econ.},
  title     = {School Choice with Consent},
  year      = {2010},
  pages     = {1297--1346},
  volume    = {127},
}

@Unpublished{kk13unpub,
  author    = {Kesten, Onur, and Kurino, Morimitsu},
  title     = {Do Outside Options in School Choice Matter? A New Perspective on the Efficiency vs. Strategy-Proofness Tradeoff},
  year      = {2013},
  note     = {Unpublished},
}

@Article{KiRaTa94,
  author    = {King, V. and Rao, S. and Tarjan, R. E.},
  journal   = {J. Algorithms},
  title     = {A faster deterministic maximum flow algorithm},
  year      = {1994},
  pages     = {447--474},
  volume    = {17},
}

@Article{kojima09mss,
  author    = {Kojima, Fuhito},
  fulljournal   = {Mathematical Social Sciences},
  journal   = {Math. Soc. Sci.},
  title     = {Random assignment of multiple indivisible objects},
  year      = {2009},
  pages     = {134--142},
  volume    = {57},
}

@Article{km10jet,
  author    = {Kojima, Fuhito and Manea, Mihai},
  fulljournal   = {Journal of Economic Theory},
  journal   = {J. Econ. Theory},
  title     = {Incentives in the probabilistic serial mechanism},
  year      = {2010},
  pages     = {293--314},
  volume    = {145},
}
	
@book{LoPl09,
	Author = {Lov{\' a}sz, L{\'a}szl{\'o} and Plummer, Michael D.},
	Publisher = {AMS Chelsea Publishing},
	Title = {Matching Theory},
	Year = {2009}}

@Article{mclennan02jet,
  author    = {McLennan, Andrew},
  fulljournal   = {Journal of Economic Theory},
  journal   = {J. Econ. Theory},
  title     = {Ordinal efficiency and the polyhedral separating hyperplane theorem},
  year      = {2002},
  number    = {2},
  pages     = {435--449},
  volume    = {105},
}
	
@book{Ore62,
	Author = {Ore, {\O}.},
	Series = {American Mathematical Society Colloquium Publications},
	Title = {Theory of Graphs},
    Publisher = {American Mathematical Society},
	Year = {1962}}

@Article{rf21jme,
  author    = {Ramezanian, Rasoul and Feizi, Mehdi},
  fulljournal   = {Journal of Mathematical Economics},
  journal   = {J. Math. Econ.},
  title     = {Stepwise ordinal efficiency for the random assignment problem},
  year      = {2021},
  pages     = {60--65},
  volume    = {92},
  publisher = {Elsevier},
}

@unpublished{Rei78,
        author="Reichmeider, Philip F.",
        title="The Equivalence of Some Combinatorial Matching Theorems",
        note="Ph.D.~thesis, Adelphi University",
        year=1978}
	
@book{Rei85,
	Author = {Reichmeider, Philip F.},
	Title = {The Equivalence of Some Combinatorial Matching Theorems},
    Publisher = {Polygonal Publishing House},
    address = {Washington},
	Year = {1985}}

@Article{ss14jme,
  author    = {Saban, Daniela and Sethuraman, Jay},
  fulljournal   = {Journal of Mathematical Economics},
  journal   = {J. Math. Econ.},
  title     = {A note on object allocation under lexicographic preferences},
  year      = {2014},
  pages     = {283--289},
  volume    = {50},
}

@Article{sv15wp,
  author  = {Schulman, Leonard J and Vazirani, Vijay V},
  journal = {arXiv preprint},
  title   = {Allocation of divisible goods under lexicographic preferences},
  year    = {2015},
}

@Article{Sha61,
  author    = {Shapley, Lloyd S.},
  journal   = {Naval Res. Logist. Q.},
  title     = {A note on object allocation under lexicographic preferences},
  year      = {1961},
  pages     = {283--289},
  volume    = {151--158},
}

@InCollection{su11,
  author    = {S{\"o}nmez, Tayfun and {\"U}nver, M Utku},
  booktitle = {Handbook of Social Economics},
  publisher = {Elsevier},
  title     = {Matching, allocation, and exchange of discrete resources},
  year      = {2011},
  pages     = {781--852},
  volume    = {1},
}

@Article{Tar84,
  author    = {Tarjan, Robert E.},
  journal   = {Oper. Res. Lett.},
  title     = {A simple version of {K}arzanov's blocking flow algorithm},
  year      = {1984},
  pages     = {265--268},
  volume    = {2},
}

@Article{WaZh20,
  author    = {Wang, Tong and Zhou, Congyi},
  journal   = {Rev. Econ. Design},
  fulljournal   = {Review of Economic Design},
  title     = {High school admission reform in {C}hina: a welfare analysis},
  year      = {2020},
  pages     = {215--269},
  volume    = {24},
}

@Comment{jabref-meta: databaseType:bibtex;}
